<?xml version="1.0" encoding="UTF-8"?><collection xmlns="http://www.loc.gov/MARC21/slim"><record><leader>00439nam--2200145-i-4500</leader><controlfield tag="001">000034874</controlfield><controlfield tag="002">20161230</controlfield><controlfield tag="005">20161230201040</controlfield><controlfield tag="008">060222s1000------------r-----000-0-eng-d</controlfield><datafield ind1="1" ind2=" " tag="100"><subfield code="a">Riesz, Frederic; Sz-nagy, Bela</subfield></datafield><datafield ind1="1" ind2="0" tag="245"><subfield code="a">Lecons d`analyse fonctionnelle.4-e edition</subfield></datafield><datafield ind1=" " ind2=" " tag="260"><subfield code="a">Paris, Gauthier-villars, 1965. Viii + 488p. + Erata</subfield></datafield><datafield ind1=" " ind2=" " tag="490"><subfield code="a">Academie Des Sciences De Hongrie</subfield></datafield><datafield ind1=" " ind2=" " tag="852"><subfield code="a">21062</subfield><subfield code="c">517.9</subfield></datafield><datafield ind1=" " ind2=" " tag="CAT"><subfield code="a">Sys</subfield><subfield code="c">20080930</subfield><subfield code="h">131207</subfield></datafield></record></collection>